@book{Wall1996,
  author    = {Larry Wall and Tom Christiansen and Randal L. Schwartz},
  title     = {Programming Perl},
  edition   = {2nd},
  year      = {1996},
  publisher = {O'Reilly \& Associates},
}
